@online{CAT,
    author    = "Daniel O. Segall",
    title     = "Segall: Computerized Adaptive Testing",
    url       = "http://www.danielsegall.com/CAT%20ESM.pdf",
    keywords  = "CAT, Learning Systems, Student Model, Bayesian Approach"
}


@article{mabits,
    author =       "Benjamin Clement, Didier Roy, Pierre-Yves Oudeyer",
    title =        "{Multi-Armed Bandits for Intelligent Tutoring Systems}. ({English})
    [{In}  Journal of Educational Data Mining]",
    volume =       "7",
    number =       "2",
    year =         "2015",
    url =          "http://flowers.inria.fr/",
    keywords =     "multi-armed-badit, intelligent-tutoring-systems,adaptive-learning"
}


@article{baynet,
    author =       "Eva Mill√†nm Tomasz Loboda, Jose Luis Perez-de-la-Cruz",
    title =        "{Bayesian Networks for student model engineering}. ({English})
    [{For}  University of Pitsburgh]",
    year =         "2010",
    url =          "http://www.elsevier.com/locate/compedu/",
    keywords =     "Bayesian neworks, User modeling, Student modeling, User model, Student model"
}


@misc{website:tflip,
      author = "TFLIP-project-group",
      title = "Project Overview",
      month = "01",
      year = "2014",
      url = "http://tflip.uia.no/"
},

@misc{website:dreambox,
      author = "DreamBox Learning",
      title = "Intelligent Adaptive Learning: An Essential Element of 21st Century Teaching and Learning",
      url = "http://www.dreambox.com/white-papers/intelligent-adaptive-learning-an-essential-element-of-21st-century-teaching-and-learning"
},







